@article{shannon1948communication,
  author = {Claude E. Shannon},
  title = {A Mathematical Theory of Communication},
  journal = {Bell System Technical Journal},
  year = 1948,
  volume = {27},
  number = {3},
  pages = {379-423},
}

@misc
{  aalok2021,
   author={Star Strider}, 
   title={polyparci}, 
   year=2022
   howpublished = "\url{https://www.mathworks.com/matlabcentral/fileexchange/39126-polyparci}",
   note = "[Online; accessed June 29, 2022]"
}