@article{gough,
  author          = {D.O. Gough},
  journal         = {Solar Physics},
  number          = {},
  title           = {Solar interior structure and luminosity variations},
  volume          = {},
  year            = {1981}
}
@misc{weatheringdict,
  author       = {Merriam-Webster},
  howpublished = {https://www.merriam-webster.com/dictionary/weathering},
  title        = {“Weathering.” Merriam-Webster.com Dictionary},
  year         = {Accessed 21 Apr. 2023.}
}
@misc{ash,
  author       = {Dr. Ashleigh Hood},
  howpublished = {},
  title        = {Earth's climate history: current and future climate change in context},
  year         = {2023}
}
@MISC{csc,
    author = {Gretashum},
    title = {Carbon-Slicate Cycle Feedbacks},
    year = {2019},
    note = {[Online; accessed April 21, 2023]},
    url = {https://en.wikipedia.org/wiki/File:Carbon-Slicate_Cycle_Feedbacks.jpg}
}
@MISC{co2,
    author = {climate.nasa.gov},
    title = {The relentless rise of carbon dioxide},
    note = {[Online; accessed April 21, 2023]},
    url = {https://climate.nasa.gov/climate_resources/24/graphic-the-relentless-rise-of-carbon-dioxide/}
}