@book{taoanal1,
  author = {Terence Tao},
  year = {2023},
  title = {Analysis I},
  publisher = {Springer},
  edition = {4},
  series =    {Texts and Readings in Mathematics, 37}
}

@inproceedings{Kemp2016CAUCHYSCO,
  title={{CAUCHY'S CONSTRUCTION OF R}},
  author={Todd Kemp},
  year={2016}
}