@book{taoanal1,
  author = {Terence Tao},
  year = {2023},
  title = {Analysis I},
  publisher = {Springer},
  edition = {4},
  series =    {Texts and Readings in Mathematics, 37}
}

@inproceedings{Kemp2016CAUCHYSCO,
  title={{CAUCHY'S CONSTRUCTION OF R}},
  author={Todd Kemp},
  year={2016}
}

@misc{key,
  author       = {The Bright Side of Mathematics},
  howpublished = {\url{https://www.youtube.com/playlist?list=PLBh2i93oe2qvRGAtgkTszX7szZDVd6jh1}},
  title        = {Manifolds},
  year         = {2023}
}